@misc{bezugsquellen,
	title = {Bezugsquellen Einzelteile},
	url = {https://github.com/opendata-stuttgart/meta/wiki/Bezugsquellen-Einzelteile},
	language = {de},
	author = {Stuttgart.OpenData},
	year = {2018},
}
@misc{airrohrbau,
	title= {Baue deinen DIY-Sensor und werde ein Teil des weltweiten OpenData und CivicTech Netzwerks. Mit airRohr kannst du die Luftverschmutzung selbst messen.},
	url= {https://sensor.community/de/sensors/airrohr/},
	author= {SENSOR.COMMUNITY},
	year = {2020},
}
@misc{wiki,
	title= {Feinstaubsensor Wiki},
	url= {https://github.com/opendata-stuttgart/meta/wiki},
	author= {SENSOR.COMMUNITY},
	year={2020},
}